<?xml version="1.0" encoding="UTF-8"?><record xmlns="http://www.loc.gov/MARC21/slim" xmlns:cinclude="http://apache.org/cocoon/include/1.0" xmlns:zs="http://www.loc.gov/zing/srw/">
  <leader>00387nz  a2200121n  4500</leader>
  <controlfield tag="001">n 2004006845</controlfield>
  <controlfield tag="003">DLC</controlfield>
  <controlfield tag="005">20040608095712.0</controlfield>
  <controlfield tag="008">040608n| acannaabn          |n aaa      </controlfield>
  <datafield tag="010" ind1=" " ind2=" ">
    <subfield code="a">n 2004006845</subfield>
  </datafield>
  <datafield tag="040" ind1=" " ind2=" ">
    <subfield code="a">DLC</subfield>
    <subfield code="b">eng</subfield>
    <subfield code="c">DLC</subfield>
  </datafield>
  <datafield tag="100" ind1="1" ind2=" ">
    <subfield code="a">Libis, Scott,</subfield>
    <subfield code="d">1959-</subfield>
  </datafield>
  <datafield tag="670" ind1=" " ind2=" ">
    <subfield code="a">Libis, Scott. Douglas D-558-1, D-558-2, and X-3, 2005:</subfield>
    <subfield code="b">ECIP t.p. (Scott Libis) data view (Scott Jon Libis, b. July 20, 1959)</subfield>
  </datafield>
</record>